@techreport{ MLC_madrid,
       author = "Jesse Read",
       title = "Multi-label Classification",
       year = "2013" ,
       institution = "Universidad Carlos III de Madrid.
Department of Signal Theory and Communications"}

@misc{ extreme_MLC_rep,
    author = "Kush Bhatia, Himanshu Jain, Yashoteja Prabhu, Manik Varma",
    title="The Extreme Classification Repository: Multi-label Datasets and Code",
    url ="https://manikvarma.github.io/downloads/XC/XMLRepository.html"  }

@techreport{MLC_finland,
    author = "Jesse Read",
    title = "Multi-label Classification",
    year = 2015,
    institution = "Department of Information and Computer Science Helsinki, Finland"    }
@PROCEEDINGS{extreme_MLC_omar,
    title = "Multiclass-Multilabel Classification with More Classes than Examples",
    author = "Ofer Dekel, Ohad Shamir",
    publisher = "AISTATS",
    year = 2010}